@article{IM20,
	author="Duca Iliescu, Delia Monica",
	title="The Impact of Artificial Intelligence on the Chess World",
	journal="JMIR Serious Games",
	year="2020",
	month="Dec",
	day="10",
	volume="8",
	number="4",
	pages="e24049",
	keywords="artificial intelligence; games; chess; AlphaZero; MuZero; cheat detection; coronavirus",
	issn="2291-9279",
	doi="10.2196/24049",
	url="http://games.jmir.org/2020/4/e24049/",
	url="https://doi.org/10.2196/24049",
	url="http://www.ncbi.nlm.nih.gov/pubmed/33300493"
}

@misc{FIDE,
	author = "World Chess Federation",
	title = "Chess Ratings",
	howpublished = "\url{https://ratings.fide.com/}",
	year = "2022",
	note = "[Online; accessed -2021]"
}

@misc{TWI,
	author = "Magnus Carlsen",
	title = "My statement regarding the last few weeks.",
	howpublished = "\url{https://twitter.com/MagnusCarlsen/status/1574482694406565888}"
	year = "2022"
}